<?xml version="1.0" encoding="UTF-8"?><collection xmlns="http://www.loc.gov/MARC21/slim"><record><leader>00342nam--2200121-i-4500</leader><controlfield tag="001">000041628</controlfield><controlfield tag="002">20161230</controlfield><controlfield tag="005">20161230201043</controlfield><controlfield tag="008">060222s1000------------r-----000-0-eng-d</controlfield><datafield ind1=" " ind2=" " tag="080"><subfield code="a">669.14(083)</subfield></datafield><datafield ind1=" " ind2=" " tag="245"><subfield code="a">Simbolizari si corespondente de oteluri</subfield></datafield><datafield ind1=" " ind2=" " tag="260"><subfield code="a">Bucuresti, Ministerul Industriei Constructiilor De Masini, 1978. 394 P</subfield></datafield><datafield ind1=" " ind2=" " tag="852"><subfield code="a">72000</subfield></datafield></record></collection>